<?xml version="1.0" encoding="UTF-8"?><record xmlns="http://www.loc.gov/MARC21/slim" xmlns:cinclude="http://apache.org/cocoon/include/1.0" xmlns:zs="http://www.loc.gov/zing/srw/">
  <leader>01569cz  a2200265n  4500</leader>
  <controlfield tag="001">n  85376987 </controlfield>
  <controlfield tag="003">DLC</controlfield>
  <controlfield tag="005">20160907154446.0</controlfield>
  <controlfield tag="008">861104n| azannaabn          |a aaa      </controlfield>
  <datafield tag="010" ind1=" " ind2=" ">
    <subfield code="a">n  85376987 </subfield>
    <subfield code="z">n 2014003722</subfield>
  </datafield>
  <datafield tag="035" ind1=" " ind2=" ">
    <subfield code="a">(OCoLC)oca01724255</subfield>
  </datafield>
  <datafield tag="040" ind1=" " ind2=" ">
    <subfield code="a">DLC</subfield>
    <subfield code="b">eng</subfield>
    <subfield code="e">rda</subfield>
    <subfield code="c">DLC</subfield>
    <subfield code="d">PPi-MA</subfield>
    <subfield code="d">IAhCCS</subfield>
    <subfield code="d">DLC</subfield>
  </datafield>
  <datafield tag="046" ind1=" " ind2=" ">
    <subfield code="f">1927-05-13</subfield>
    <subfield code="g">2016-09-01</subfield>
    <subfield code="2">edtf</subfield>
  </datafield>
  <datafield tag="100" ind1="1" ind2=" ">
    <subfield code="a">Hellerman, Fred,</subfield>
    <subfield code="d">1927-2016</subfield>
  </datafield>
  <datafield tag="370" ind1=" " ind2=" ">
    <subfield code="a">Flatbush (New York, N.Y.)</subfield>
    <subfield code="b">Weston (Conn.)</subfield>
    <subfield code="2">naf</subfield>
  </datafield>
  <datafield tag="372" ind1=" " ind2=" ">
    <subfield code="a">Folk music</subfield>
    <subfield code="2">lcsh</subfield>
  </datafield>
  <datafield tag="374" ind1=" " ind2=" ">
    <subfield code="a">Folk singers</subfield>
    <subfield code="a">Guitarists</subfield>
    <subfield code="a">Composers</subfield>
    <subfield code="a">Lyricists</subfield>
    <subfield code="2">lcsh</subfield>
  </datafield>
  <datafield tag="377" ind1=" " ind2=" ">
    <subfield code="a">eng</subfield>
  </datafield>
  <datafield tag="500" ind1="1" ind2=" ">
    <subfield code="w">r</subfield>
    <subfield code="i">Alternate identity:</subfield>
    <subfield code="a">Hill, Bob,</subfield>
    <subfield code="d">1927-2016</subfield>
  </datafield>
  <datafield tag="510" ind1="2" ind2=" ">
    <subfield code="w">r</subfield>
    <subfield code="i">Corporate body:</subfield>
    <subfield code="a">Weavers (Musical group)</subfield>
  </datafield>
  <datafield tag="670" ind1=" " ind2=" ">
    <subfield code="a">The Weavers; wasn't that a time [MP] 1981:</subfield>
    <subfield code="b">credits (performer, Fred Hellerman)</subfield>
  </datafield>
  <datafield tag="670" ind1=" " ind2=" ">
    <subfield code="a">Encyclopedia of folk, country &amp; western music, 1983</subfield>
    <subfield code="b">(Fred Hellerman; b. 1927; folk singer)</subfield>
  </datafield>
  <datafield tag="670" ind1=" " ind2=" ">
    <subfield code="a">Songs for political action [SR] p1996:</subfield>
    <subfield code="b">Disc ten, container (Bob Hill (Fred Hellerman)) book, p. 191 (Hellerman's only solo recording was issued by Jubilee Records in June 1950 under the name Bob Hill, because Hellerman was contracted to Decca)</subfield>
  </datafield>
  <datafield tag="670" ind1=" " ind2=" ">
    <subfield code="a">The girl in the mirror, 1968</subfield>
    <subfield code="b">(Fred Hellerman [composer])</subfield>
  </datafield>
  <datafield tag="670" ind1=" " ind2=" ">
    <subfield code="a">New York times WWW site, viewed Sept. 7, 2016</subfield>
    <subfield code="b">(in obituary published Sept. 2: Fred Hellerman; b. May 13, 1927, Flatbush, Brooklyn; d. Thursday [Sept. 1, 2016], Weston, Conn., aged 89; singer, guitarist, and songwriter and the last surviving member of the Weavers, the quartet that in the 1950s helped usher in the folk music revival)</subfield>
  </datafield>
</record>